@Book {NielsenChuangQCQI,
    Author = {Nielsen, Michael A. and Chuang, Isaac L.},
    Title = {Quantum computation and quantum information. 10th anniversary edition},
    ISBN = {978-1-107-00217-3; 978-0-511-98524-9},
    Year = {2010},
    Publisher = {Cambridge: Cambridge University Press},
    Language = {English},
    DOI = {10.1017/CBO9780511976667},
    Keywords = {81-01,81P45,81P68,68Q12,94A40,94A60,94A17,94A24},
    zbMATH = {5835673},
    Zbl = {1288.81001}
}

@Book {LiptonReganIQALA,
    Author = {Lipton, Richard J. and Regan, Kenneth W.},
    Title = {Introduction to quantum algorithms via linear algebra},
    Edition = {2nd edition},
    ISBN = {978-0-262-04525-4},
    Year = {2021},
    Publisher = {Cambridge, MA: MIT Press},
    Language = {English},
    Keywords = {68-01,68Q12,81P68},
    zbMATH = {7330881},
    Zbl = {1459.68001}
}

@Book {deWolfLectureNotes,
    Author = {de Wolf, Ronald},
    Title = {Quantum Computing: Lecture Notes},
    Year = {2023},
    Url = {https://arxiv.org/abs/1907.09415},
}

